@article{abramoff2010retinal,
  title={Retinal imaging and image analysis},
  author={Abr{\`a}moff, Michael D and Garvin, Mona K and Sonka, Milan},
  journal={Biomedical Engineering, IEEE Reviews in},
  volume={3},
  pages={169--208},
  year={2010},
  publisher={IEEE}
}
